<?xml version="1.0" encoding="UTF-8"?><collection xmlns="http://www.loc.gov/MARC21/slim"><record><leader>00429nam--2200157-i-4500</leader><controlfield tag="001">000029717</controlfield><controlfield tag="002">20161230</controlfield><controlfield tag="005">20170222003650</controlfield><controlfield tag="008">060222s1000------------r-----000-0-eng-d</controlfield><datafield ind1=" " ind2=" " tag="080"><subfield code="a">621.375.826:531.76</subfield></datafield><datafield ind1=" " ind2=" " tag="245"><subfield code="a">Laser velocimetry and particle sizing</subfield></datafield><datafield ind1=" " ind2=" " tag="260"><subfield code="a">Washington</subfield><subfield code="b">Hemisphere Publishing Coirporation</subfield><subfield code="c">1979</subfield></datafield><datafield ind1=" " ind2=" " tag="300"><subfield code="a">IX + 566 p</subfield></datafield><datafield ind1=" " ind2=" " tag="700"><subfield code="a">Stevenson, Waren H</subfield></datafield><datafield ind1=" " ind2=" " tag="852"><subfield code="a">48667</subfield></datafield><datafield ind1=" " ind2=" " tag="CAT"><subfield code="a">SYS</subfield><subfield code="c">20170222</subfield><subfield code="h">003650</subfield></datafield></record></collection>